@article{bosshart2014p4,
	title={P4: Programming Protocol-independent Packet Processors},
	author={Bosshart, Pat and Daly, Dan and Gibb, Glen and Izzard, Martin and McKeown, Nick and Rexford, Jennifer and Schlesinger, Cole and Talayco, Dan and Vahdat, Amin and Varghese, George and others},
	journal={ACM SIGCOMM Computer Communication Review},
	volume={44},
	number={3},
	pages={87--95},
	year={2014},
	publisher={ACM}
}

@misc{ibanez,
	title = "{CS344--Lecture 2: P4 Language Overview}",
	howpublished = "\url{https://github.com/NetFPGA/P4-NetFPGA-public/wiki/Workflow-Overview}"
}

@inproceedings{fpga19,
	author = {Ibanez, Stephen and Brebner, Gordon and McKeown, Nick and Zilberman, Noa},
	title = "{The P4$\rightarrow$NetFPGA Workflow for Line-Rate Packet Processing}",
	booktitle = {Proceedings of the 2019 ACM/SIGDA International Symposium on Field-Programmable Gate Arrays},
	series = {FPGA '19},
	year = {2019},
	isbn = {978-1-4503-6137-8},
	location = {Seaside, CA, USA},
	pages = {1--9},
	numpages = {9},
	url = {http://doi.acm.org/10.1145/3289602.3293924},
	doi = {10.1145/3289602.3293924},
	acmid = {3293924},
	publisher = {ACM},
	address = {New York, NY, USA},
	keywords = {fpga, p4, programmable data-planes},
} 

@misc{workflow,
	title = "{P4$\rightarrow$NetFPGA Workflow Overview}",
	howpublished = "\url{https://github.com/NetFPGA/P4-NetFPGA-public/wiki/Workflow-Overview}"
}

@misc{sdn,
	author = "{Simon Jouet}",
	title = "{Programmable Data Plane --- The Next Step in SDN?}",
	howpublished = "\url{https://www.geant.org/Services/Connectivity_and_network/GTS/Documents/Simon%20Jouet%20-%20Programmable%20Dataplane.pdf}"
}

@misc{p4spec,
	title={P4 language spec version 1.0.0-rc2},
	url={https://p4.org/p4-spec/docs/P4-16-v1.1.0-spec.html},
	urldate={09-04-2019}
}

@misc{pof,
	title="{Protocol Oblivious Forwarding (POF) Website}",
	url={http://www.poforwarding.org/},
	urldate={09-04-2019}
}

@inproceedings{song2013protocol,
	title="{Protocol-oblivious forwarding: Unleash the power of SDN through a future-proof forwarding plane}",
	author={Song, Haoyu},
	booktitle={Proceedings of the second ACM SIGCOMM workshop on Hot topics in software defined networking},
	pages={127--132},
	year={2013},
	organization={ACM}
}

@misc{scapy,
	title="{Scapy}",
	author="{Philippe Biondi}",
	year={2019},
	url={https://scapy.net/},
}

@inproceedings{domino,
	title="{Packet transactions: High-level programming for line-rate switches}",
	author={Sivaraman, Anirudh and Cheung, Alvin and Budiu, Mihai and Kim, Changhoon and Alizadeh, Mohammad and Balakrishnan, Hari and Varghese, George and McKeown, Nick and Licking, Steve},
	booktitle={Proceedings of the 2016 ACM SIGCOMM Conference},
	pages={15-28},
	year={2016},
	organization={ACM}
}

@inproceedings{sivaraman2015dc,
	title="{Dc. p4: Programming the forwarding plane of a data-center switch}",
	author={Sivaraman, Anirudh and Kim, Changhoon and Krishnamoorthy, Ramkumar and Dixit, Advait and Budiu, Mihai},
	booktitle={Proceedings of the 1st ACM SIGCOMM Symposium on Software Defined Networking Research},
	pages={2},
	year={2015},
	organization={ACM}
}


@techreport{rfc5681,
	author = {Blanton, E. and Paxson, V. and Allman, M.},
	title = "{TCP Congestion Control}",
	institution = "{RFC Editor}",
	type="{RFC}",
	number="5681",
	pages = {1-16},
	year = {2009},
	month = {September},
	url={https://tools.ietf.org/html/rfc5681}
}

@techreport{rfc2001,
	author = {Stevens, W.},
	title = "{TCP Slow Start, Congestion Avoidance, Fast Retransmit, and Fast Recovery Algorithms}",
	institution = "{RFC Editor}",
	type="{RFC}",
	number="2001",
	pages = {1-6},
	year = {1997},
	month = {January},
	url={https://tools.ietf.org/html/rfc2001}
}

@techreport{ecn,
	author = {Ramakrishnan, K. and Floyd, S. and Black, D.},
	title = "{The Addition of Explicit Congestion Notification (ECN) to IP}",
	institution = "{RFC Editor}",
	type="{RFC}",
	number="3168",
	pages = {1-63},
	year = {2001},
	month = {Septermber},
	url={https://tools.ietf.org/html/rfc3168}
}

@techreport{dctcp,
	author = "{Bensley, S. and Thaler, D. and Balasubramanian, P. and Eggert, L. and Judd, G.}",
	title = "{Data Center TCP (DCTCP): TCP Congestion Control for Data Centers}",
	institution = "{RFC Editor}",
	type="{RFC}",
	number="8257",
	pages = {1-17},
	year = {2017},
	month = {October},
	url={https://tools.ietf.org/html/rfc8257}
}

@misc{moscow,
	author = "{Alan Blackwell}",
	title = "{Software and Interface Design}",
	year = "2015",
	note = "{University of Cambridge Part IA CST course notes.}"
}

@misc{spiral,
	author = "{Ross Anderson}",
	title = "{Software Engineering}",
	year = "2017",
	note = "{University of Cambridge Part IA CST course notes.}"
}

@inproceedings{px,
	title={High-speed packet processing using reconfigurable computing},
	author={Brebner, Gordon and Jiang, Weirong},
	booktitle={IEEE Micro34-1},
	pages={8-18},
	year={2014}
}

@inproceedings{zilberman2017has,
	title = {Where has my time gone?},
	author = {Zilberman, Noa and Grosvenor, Matthew and Popescu, Diana Andreea and Manihatty-Bojan, Neelakandan and Antichi, Gianni and W{\'o}jcik, Marcin and Moore, Andrew W},
	booktitle = {International Conference on Passive and Active Network Measurement},
	pages = {201--214},
	year = {2017},
	organization = {Springer}
}

@misc{fpga,
	title = "{NetFPGA/P4-NetFPGA-public Wiki Page}",
	howpublished = "\url{https://github.com/NetFPGA/P4-NetFPGA-public/wiki}"
}

@misc{support,
	title="{NetFPGA SUME Beta List}",
	howpublished = "\url{https://lists.cam.ac.uk/mailman/listinfo/cl-netfpga-sume-beta}"
}

@misc{p4.org,
	title = "{The P4 Language Consortium}",
	howpublished = "\url{https://p4.org/}"
}

@article{netfpgasume,
	title = "{NetFPGA SUME: Toward 100 Gbps as Research Commodity}",
	author={Zilberman, Noa and Audzevich, Yury and Covington, G Adam and Moore, Andrew W},
	journal={IEEE micro},
	volume={34},
	number={5},
	pages={32--41},
	year={2014},
	publisher={IEEE}
}

@inproceedings{netCache,
	author = {Jin, Xin and Li, Xiaozhou and Zhang, Haoyu and Soul{\'e}, Robert and Lee, Jeongkeun and Foster, Nate and Kim, Changhoon and Stoica, Ion},
	title = "{NetCache: Balancing Key-Value Stores with Fast In-Network Caching}",
	booktitle = {Proceedings of the 26th Symposium on Operating Systems Principles},
	series = {SOSP '17},
	year = {2017},
	isbn = {978-1-4503-5085-3},
	location = {Shanghai, China},
	pages = {121--136},
	numpages = {16},
	url = {http://doi.acm.org/10.1145/3132747.3132764},
	doi = {10.1145/3132747.3132764},
	acmid = {3132764},
	publisher = {ACM},
	address = {New York, NY, USA},
	keywords = {Caching, Key-value stores, Programmable switches},
} 

@inproceedings{p4xos,
	author = {Dang, Huynh Tu and Pietro Bressana and Han Wang and Ki Suh Lee and Hakim Weatherspoon and Marco Canini and Fernando Pedone and Noa Zilberman and Soul{\'e}, Robert},
	title = "{P4xos: Consensus as a Network Service}",
	series = {Tech Report},
	year = {May 2018},
	location = {University of Lugano 2018/01},
	numpages = {15},
	url = {http://web.inf.usi.ch/file/pub/105/p4xos.pdf},
	keywords = {NetPaxos, paxos, software-defined networking},
} 

@inproceedings{dns,
	author = {Sapio and Amedeo and Ibrahim Abdelaziz and Abdulla Aldilaijan and Marco Canini and Panos Kalnis},
	title = "{In-Network Computation is a Dumb Idea Whose Time Has Come}",
	booktitle = {Proceedings of the 16th ACM Workshop on Hot Topics in Networks},
	year = {2017},
	pages = {150--156},
	numpages = {7},
	publisher = {ACM},
	keywords = {In-network, software-defined networking},
} 

@inproceedings{netChain,
	author = {Xin Jin and Xiaozhou Li and Haoyu Zhang and Nate Foster and Jeongkeun Lee and Robert Soul{\'e} and
	Changhoon Kim and Ion Stoica},
	title = "{NetChain: Scale-Free Sub-RTT Coordination}",
	booktitle = {Proceedings of the 15th USENIX Symposium on Networked
	Systems Design and Implementation},
	series = {NSDI '15},
	year = {2018},
	isbn = {978-1-931971-43-0},
	numpages = {16},
	url = {https://www.usenix.org/system/files/conference/nsdi18/nsdi18-jin.pdf},
	publisher = {ACM},
	address = {Renton, WA, USA},
	keywords = {netChain, scale-free},
} 

@misc{multilate,
	author = "{Jacob Leverich}",
	title = "{Mutilate: High-performance memcached load generator}",
	howpublished = "\url{https://github.com/leverich/mutilate}"
}

@misc{osnt,
	title ="{OSNT SUME Home}",
	howpublished = "\url{https://github.com/NetFPGA/OSNT-Public/wiki/OSNT-SUME-Home}"
}

@article{dang16,
	author = {Dang, Huynh Tu and Canini, Marco and Pedone, Fernando and Soul{\'e}, Robert},
	title = {Paxos Made Switch-y},
	journal = CCR,
	volume = {46},
	number = {2},
	month = may,
	year = {2016},
	pages = {18--24},
}

@misc{sigarch,
	author="{Noa Zilberman}",
	title ="{In-Network Computing}",
	howpublished = "\url{https://www.sigarch.org/in-network-computing-draft/}"
}

@techreport{dang16b,
	author =       {Huynh Tu Dang and Pietro Bressana and Han Wang
	and Ki Suh Lee and Hakim Weatherspoon and Marco Canini
	and Fernando Pedone and Robert Soul{\'e}},
	title =        "{Network Hardware-Accelerated Consensus}",
	institution =  "{USI}",
	year =         {2016},
	type =         "{Research Report}",
	number =       "{2016-03}",
	month =        {May},
	url =          "http://www.inf.usi.ch/faculty/soule/usi-tr-2016-03.pdf"
}

@inproceedings{dcqcn,
	author = {Zhu, Yibo and Eran, Haggai and Firestone, Daniel and Guo, Chuanxiong and Lipshteyn, Marina and Liron, Yehonatan and Padhye, Jitendra and Raindel, Shachar and Yahia, Mohamad Haj and Zhang, Ming},
	title = {Congestion Control for Large-Scale RDMA Deployments},
	booktitle = {Proceedings of the 2015 ACM Conference on Special Interest Group on Data Communication},
	series = {SIGCOMM '15},
	year = {2015},
	isbn = {978-1-4503-3542-3},
	location = {London, United Kingdom},
	pages = {523--536},
	numpages = {14},
	url = {http://doi.acm.org/10.1145/2785956.2787484},
	doi = {10.1145/2785956.2787484},
	acmid = {2787484},
	publisher = {ACM},
	address = {New York, NY, USA},
	keywords = {ECN, PFC, RDMA, congestion control, datacenter transport},
} 

@inproceedings{conga,
	author = {Alizadeh, Mohammad and Edsall, Tom and Dharmapurikar, Sarang and Vaidyanathan, Ramanan and Chu, Kevin and Fingerhut, Andy and Lam, Vinh The and Matus, Francis and Pan, Rong and Yadav, Navindra and Varghese, George},
	title = {CONGA: Distributed Congestion-aware Load Balancing for Datacenters},
	booktitle = {Proceedings of the 2014 ACM Conference on SIGCOMM},
	series = {SIGCOMM '14},
	year = {2014},
	isbn = {978-1-4503-2836-4},
	location = {Chicago, Illinois, USA},
	pages = {503--514},
	numpages = {12},
	url = {http://doi.acm.org/10.1145/2619239.2626316},
	doi = {10.1145/2619239.2626316},
	acmid = {2626316},
	publisher = {ACM},
	address = {New York, NY, USA},
	keywords = {datacenter fabric, distributed, load balancing},
} 

@article{alizadehattar_et_al:DR:2016:6760,
	author =	{Mohammad Alizadeh Attar and Jon Crowcroft and Lars Eggert and Klaus Wehrle},
	title =	{{Network Latency Control in Data Centres (Dagstuhl Seminar 16281)}},
	pages =	{15--30},
	journal =	{Dagstuhl Reports},
	ISSN =	{2192-5283},
	year =	{2016},
	volume =	{6},
	number =	{7},
	editor =	{Mohammad Alizadeh Attar and Jon Crowcroft and Lars Eggert and Klaus Wehrle},
	publisher =	{Schloss Dagstuhl--Leibniz-Zentrum fuer Informatik},
	address =	{Dagstuhl, Germany},
	URL =		{http://drops.dagstuhl.de/opus/volltexte/2016/6760},
	URN =		{urn:nbn:de:0030-drops-67605},
	doi =		{10.4230/DagRep.6.7.15},
	annote =	{Keywords: data centres, end-to-end transport protocols., latency, network architecture, resource control, scheduling}
}

@inproceedings{asic,
	author = {Bosshart, Pat and Gibb, Glen and Kim, Hun-Seok and Varghese, George and McKeown, Nick and Izzard, Martin and Mujica, Fernando and Horowitz, Mark},
	title = {Forwarding Metamorphosis: Fast Programmable Match-action Processing in Hardware for SDN},
	booktitle = {Proceedings of the ACM SIGCOMM 2013 Conference on SIGCOMM},
	series = {SIGCOMM '13},
	year = {2013},
	isbn = {978-1-4503-2056-6},
	location = {Hong Kong, China},
	pages = {99--110},
	numpages = {12},
	url = {http://doi.acm.org/10.1145/2486001.2486011},
	doi = {10.1145/2486001.2486011},
	acmid = {2486011},
	publisher = {ACM},
	address = {New York, NY, USA},
	keywords = {reconfigurable match tables, rmt model, sdn},
} 

@inproceedings{int,
	title={In-band Network Telemetry via Programmable Dataplanes},
	author={Changhoon Kim and Anirudh Sivaraman and Naga Praveen Katta and Antonin Bas and Advait Dixit and Lawrence J Wobker},
	year={2015}
}

@article{mckeown,
	author = {McKeown, Nick and Anderson, Tom and Balakrishnan, Hari and Parulkar, Guru and Peterson, Larry and Rexford, Jennifer and Shenker, Scott and Turner, Jonathan},
	title = {OpenFlow: Enabling Innovation in Campus Networks},
	journal = {SIGCOMM Comput. Commun. Rev.},
	issue_date = {April 2008},
	volume = {38},
	number = {2},
	month = mar,
	year = {2008},
	issn = {0146-4833},
	pages = {69--74},
	numpages = {6},
	url = {http://doi.acm.org/10.1145/1355734.1355746},
	doi = {10.1145/1355734.1355746},
	acmid = {1355746},
	publisher = {ACM},
	address = {New York, NY, USA},
	keywords = {ethernet switch, flow-based, virtualization},
} 


@article{osntpdf,
	title="{OSNT: Open Source Network Tester}",
	author={Gianni Antichi and Muhammad Shahbaz and Yilong Geng and Noa Zilberman and G. Adam Covington and Marc Bruyere and Nick McKeown and Nick Feamster and Bob Felderman and Michaela Blott and Andrew W. Moore and Philippe Owezarski},
	journal={IEEE Network},
	year={2014},
	volume={28},
	pages={6-12}
}

@misc{refswitch,
	title = "{NetFPGA SUME Reference Learning Switch}",
	url = {https://github.com/NetFPGA/NetFPGA-SUME-public/wiki/NetFPGA-SUME-Reference-Learning-Switch}
}

@misc{refswitchbf,
	title = "{Reference Switch bitfile}",
	url = {http://www.cl.cam.ac.uk/research/srg/netos/projects/netfpga/bitfiles/NetFPGA-SUME-live/1.9.0/reference_ switch/reference_switch.bit}
}

@inproceedings{emu,
	title={Emu: Rapid Prototyping of Networking Services},
	author={Nik Sultana and others},
	booktitle={USENIX Annual Technical Conference},
	year={2017}
}

@article{brebner14,
	author = {Brebner, Gordon and Jiang, Weirong},
	title = {High-Speed Packet Processing using Reconfigurable Computing},
	journal = MICRO,
	volume = {34},
	number = {1},
	month=jan,
	year = {2014},
	pages = {8-18},
}
